<?xml version="1.0" encoding="UTF-8" ?>
<collection xmlns:xsi="http://www.w3.org/2001/XMLSchema-instance"
    xsi:schemaLocation="http://www.loc.gov/MARC21/slim
        http://www.loc.gov/standards/marcxml/schema/MARC21slim.xsd"
    xmlns="http://www.loc.gov/MARC21/slim">
<record>
  <leader>00212cam a2200385 i 4500</leader>
  <controlfield tag="001">b13579307</controlfield>
  <controlfield tag="003">LeBAU</controlfield>
  <controlfield tag="005">20140618</controlfield>
  <controlfield tag="008">050606s1908    le acf        ||0 0 ara d</controlfield>
  <datafield tag="035" ind1=" " ind2=" ">
    <subfield code="a">ocn784559079</subfield>
  </datafield>
  <datafield tag="040" ind1=" " ind2=" ">
    <subfield code="a">LEAUB</subfield>
    <subfield code="b">ara</subfield>
    <subfield code="e">rda</subfield>
    <subfield code="c">LEAUB</subfield>
    <subfield code="d">LEAUB</subfield>
  </datafield>
  <datafield tag="082" ind1="0" ind2="4">
    <subfield code="a">926.1</subfield>
    <subfield code="2">20</subfield>
  </datafield>
  <datafield tag="100" ind1="1" ind2=" ">
    <subfield code="6">880-01</subfield>
    <subfield code="a">Khūrī, Shākir,</subfield>
    <subfield code="d">1847-1913,</subfield>
    <subfield code="e">author.</subfield>
  </datafield>
  <datafield tag="245" ind1="1" ind2="0">
    <subfield code="6">880-02</subfield>
    <subfield code="a">Majma‘ al-masarrāt /</subfield>
    <subfield code="c">ta’līf al-Duktūr Shākir Bik al-Khūrī, ustādh al-iklīnīk al-ramadī wa-al-jirāḥah al-ṣughrá fī al-Madrasah al-Ṭibbīyah al-Ifransīyah fī Bayrūt sābiqan wa-ṭabīb awwal li-Mustawṣif Rāhibāt al-Maḥabbah fī Bayrūt wa-‘uḍw fī al-Aliyānsī al-Faransāwī sābiqan wa-ṭabīb sikkat al-ḥadīd min Bayrūt ilá Ḥawrān wa-Barjīk sābiqan wa-ramadī jumlat madāris, mu’allif Tuḥfat al-rāghib fī ṣiḥḥat al-mutazawwij wa-zawāj al-‘āzib wa-Kitāb Nāyib al-ṭabīb wa-Kitāb Ṣiḥḥat al-‘ayn wa-jumlat nasharāt ‘ilmīyah, ḥāmil al-nīshān al-majīdī al-rābi‘ wa-al-‘Uthmānī al-thālith wa-nakhlat al-akādimī al-Faransāwīyah wa-nīshān Majlis al-Ma‘ārif al-Faransāwī.</subfield>
  </datafield>
  <datafield tag="264" ind1=" " ind2="1">
    <subfield code="6">880-03</subfield>
    <subfield code="a">Bayrūt :</subfield>
    <subfield code="b">Maṭba‘at al-Ijtihād,</subfield>
    <subfield code="c">1908.</subfield>
  </datafield>
  <datafield tag="300" ind1=" " ind2=" ">
    <subfield code="6">880-04</subfield>
    <subfield code="a">8, 692 pages, 3 unnumbered leaves of plates :</subfield>
    <subfield code="b">illustrations, portraits ;</subfield>
    <subfield code="c">21 cm</subfield>
  </datafield>
  <datafield tag="336" ind1=" " ind2=" ">
    <subfield code="a">text</subfield>
    <subfield code="b">txt</subfield>
    <subfield code="2">rdacontent</subfield>
  </datafield>
  <datafield tag="336" ind1=" " ind2=" ">
    <subfield code="a">still image</subfield>
    <subfield code="b">sti</subfield>
    <subfield code="2">rdacontent</subfield>
  </datafield>
  <datafield tag="337" ind1=" " ind2=" ">
    <subfield code="a">unmediated</subfield>
    <subfield code="b">n</subfield>
    <subfield code="2">rdamedia</subfield>
  </datafield>
  <datafield tag="338" ind1=" " ind2=" ">
    <subfield code="a">volume</subfield>
    <subfield code="b">nc</subfield>
    <subfield code="2">rdacarrier</subfield>
  </datafield>
  <datafield tag="600" ind1="1" ind2="4">
    <subfield code="a">الخوري، شاكر،</subfield>
    <subfield code="d">1847-1913.</subfield>
  </datafield>
  <datafield tag="600" ind1="1" ind2="0">
    <subfield code="a">Khūrī, Shākir,</subfield>
    <subfield code="d">1847-1913.</subfield>
  </datafield>
  <datafield tag="650" ind1=" " ind2="4">
    <subfield code="a">أطباء العيون</subfield>
    <subfield code="z">لبنان</subfield>
    <subfield code="v">تراجم.</subfield>
  </datafield>
  <datafield tag="650" ind1=" " ind2="0">
    <subfield code="a">Ophthalmologists</subfield>
    <subfield code="z">Lebanon</subfield>
    <subfield code="v">Biography.</subfield>
  </datafield>
  <datafield tag="775" ind1="0" ind2=" ">
    <subfield code="6">880-05</subfield>
    <subfield code="t">Majma‘ al-masarrāt.</subfield>
    <subfield code="b">al-Ṭab‘ah al-thānīyah</subfield>
    <subfield code="d">Bayrūt : Dār Laḥd Khāṭir lil-Ṭibā‘ah wa-al-Nashr wa-al-Tawzī‘, 1985</subfield>
    <subfield code="w">(OCoLC)784464273</subfield>
    <subfield code="w">(OCoLC)784464273</subfield>
  </datafield>
  <datafield tag="852" ind1=" " ind2=" ">
    <subfield code="a">Jafet Archives and Special Collections</subfield>
    <subfield code="e">American University of Beirut, Bliss Street , Beirut, Lebanon.</subfield>
  </datafield>
  <datafield tag="880" ind1="1" ind2=" ">
    <subfield code="6">100-01/(3/r</subfield>
    <subfield code="a">الخوري، شاكر،</subfield>
    <subfield code="d">1847-1913،</subfield>
    <subfield code="e">مؤلف. </subfield>
    <subfield code="4">aut.</subfield>
  </datafield>
  <datafield tag="880" ind1="1" ind2="0">
    <subfield code="6">245-02/(3/r</subfield>
    <subfield code="a">مجمع المسرات /</subfield>
    <subfield code="c">تأليف الدكتور شاكر بك الخوري، أستاذ الإكلينيك الرمدي والجراحة الصغرى في المدرسة الطبية الإفرنسية في بيروت سابقاً وطبيب أول لمستوصف راهبات المحبة في بيروت وعضو في الأليانسي الفرنساوي سابقاً وطبيب سكة الحديد من بيروت الى حوران وبرجيك سابقاً ورمدي جملة مدارس، مؤلف تحفة الراغب في صحة المتزوج وزواج العازب وكتاب نايب الطبيب وكتاب صحة العين وجملة نشرات علمية، حامل النيشان المجيدي الرابع والعثماني الثالث ونخلة الأكادمي الفرنساوية ونيشان مجلس المعارف الفرنساوي.</subfield>
  </datafield>
  <datafield tag="880" ind1=" " ind2="1">
    <subfield code="6">264-03/(3/r</subfield>
    <subfield code="a">بيروت :</subfield>
    <subfield code="b">مطبعة الإجتهاد،</subfield>
    <subfield code="c">1908.</subfield>
  </datafield>
  <datafield tag="880" ind1=" " ind2=" ">
    <subfield code="6">300-04/(3/r</subfield>
    <subfield code="a">8، 692 صفحة، 3 ورقات لوحات غير مرقمة :</subfield>
    <subfield code="b">مصورات، صور شخصانية ؛</subfield>
    <subfield code="c">21 سم</subfield>
  </datafield>
  <datafield tag="880" ind1="0" ind2=" ">
    <subfield code="6">775-05/(3/r</subfield>
    <subfield code="t">مجمع المسرات</subfield>
    <subfield code="b">الطبعة الثانية.</subfield>
    <subfield code="d">بيروت : دار لحد خاطر للطباعة والنشر والتوزيع، 1985</subfield>
    <subfield code="w">b1269230x</subfield>
    <subfield code="w">(OCoLC)784464273</subfield>
  </datafield>
  <datafield tag="907" ind1=" " ind2=" ">
    <subfield code="a">.b13579307</subfield>
    <subfield code="b">17-01-10</subfield>
    <subfield code="c">11-05-24</subfield>
  </datafield>
  <datafield tag="907" ind1=" " ind2=" ">
    <subfield code="a">.b13579307</subfield>
    <subfield code="b">15-10-15</subfield>
    <subfield code="c">11-05-24</subfield>
  </datafield>
  <datafield tag="945" ind1=" " ind2=" ">
    <subfield code="f">CA</subfield>
    <subfield code="a">926.1:K527mA:c.1</subfield>
    <subfield code="i">01066023</subfield>
    <subfield code="j">.i14296652</subfield>
    <subfield code="l">u0304</subfield>
  </datafield>
  <datafield tag="998" ind1=" " ind2=" ">
    <subfield code="a">u03</subfield>
    <subfield code="b">05-06-06</subfield>
    <subfield code="c">m</subfield>
    <subfield code="d">a</subfield>
    <subfield code="e">-</subfield>
    <subfield code="f">ara</subfield>
    <subfield code="g">le </subfield>
    <subfield code="h">0</subfield>
    <subfield code="i">1</subfield>
  </datafield>
</record>
</collection>
